<?xml version="1.0" encoding="UTF-8"?><collection xmlns="http://www.loc.gov/MARC21/slim"><record><leader>00361nam--2200145-i-4500</leader><controlfield tag="001">000047234</controlfield><controlfield tag="002">20161230</controlfield><controlfield tag="005">20170122232548</controlfield><controlfield tag="008">060222s1000------------r-----000-0-eng-d</controlfield><datafield ind1=" " ind2=" " tag="100"><subfield code="a">Wells, A. F</subfield></datafield><datafield ind1=" " ind2=" " tag="245"><subfield code="a">Structural inorganic chemistry</subfield></datafield><datafield ind1=" " ind2=" " tag="260"><subfield code="a">Oxford</subfield><subfield code="b">Clarendon Press</subfield><subfield code="c">1962</subfield></datafield><datafield ind1=" " ind2=" " tag="300"><subfield code="a">XXIII + 1055 p</subfield></datafield><datafield ind1=" " ind2=" " tag="852"><subfield code="a">17927</subfield></datafield><datafield ind1=" " ind2=" " tag="CAT"><subfield code="a">SYS</subfield><subfield code="c">20170122</subfield><subfield code="h">232548</subfield></datafield></record></collection>